@inproceedings{mittal-etal-2022-ambipun,
    title = "{A}mbi{P}un: Generating Humorous Puns with Ambiguous Context",
    author = "Mittal, Anirudh  and
      Tian, Yufei  and
      Peng, Nanyun",
    editor = "Carpuat, Marine  and
      de Marneffe, Marie-Catherine  and
      Meza Ruiz, Ivan Vladimir",
    booktitle = "Proceedings of the 2022 Conference of the North American Chapter of the Association for Computational Linguistics: Human Language Technologies",
    month = jul,
    year = "2022",
    address = "Seattle, United States",
    publisher = "Association for Computational Linguistics",
    url = "https://aclanthology.org/2022.naacl-main.77",
    doi = "10.18653/v1/2022.naacl-main.77",
    pages = "1053--1062",
}

@inproceedings{hessel-etal-2023-androids,
    title = "Do Androids Laugh at Electric Sheep? Humor {``}Understanding{''} Benchmarks from The New Yorker Caption Contest",
    author = "Hessel, Jack  and
      Marasovic, Ana  and
      Hwang, Jena D.  and
      Lee, Lillian  and
      Da, Jeff  and
      Zellers, Rowan  and
      Mankoff, Robert  and
      Choi, Yejin",
    editor = "Rogers, Anna  and
      Boyd-Graber, Jordan  and
      Okazaki, Naoaki",
    booktitle = "Proceedings of the 61st Annual Meeting of the Association for Computational Linguistics (Volume 1: Long Papers)",
    month = jul,
    year = "2023",
    address = "Toronto, Canada",
    publisher = "Association for Computational Linguistics",
    url = "https://aclanthology.org/2023.acl-long.41",
    doi = "10.18653/v1/2023.acl-long.41",
    pages = "688--714",
}

@inproceedings{chakrabarty-etal-2022-help,
    title = "Help me write a Poem: Instruction Tuning as a Vehicle for Collaborative Poetry Writing",
    author = "Chakrabarty, Tuhin  and
      Padmakumar, Vishakh  and
      He, He",
    editor = "Goldberg, Yoav  and
      Kozareva, Zornitsa  and
      Zhang, Yue",
    booktitle = "Proceedings of the 2022 Conference on Empirical Methods in Natural Language Processing",
    month = dec,
    year = "2022",
    address = "Abu Dhabi, United Arab Emirates",
    publisher = "Association for Computational Linguistics",
    url = "https://aclanthology.org/2022.emnlp-main.460",
    doi = "10.18653/v1/2022.emnlp-main.460",
    pages = "6848--6863",
}

@inproceedings{tian-etal-2023-unsupervised,
    title = "Unsupervised Melody-to-Lyrics Generation",
    author = "Tian, Yufei  and
      Narayan-Chen, Anjali  and
      Oraby, Shereen  and
      Cervone, Alessandra  and
      Sigurdsson, Gunnar  and
      Tao, Chenyang  and
      Zhao, Wenbo  and
      Chung, Tagyoung  and
      Huang, Jing  and
      Peng, Nanyun",
    editor = "Rogers, Anna  and
      Boyd-Graber, Jordan  and
      Okazaki, Naoaki",
    booktitle = "Proceedings of the 61st Annual Meeting of the Association for Computational Linguistics (Volume 1: Long Papers)",
    month = jul,
    year = "2023",
    address = "Toronto, Canada",
    publisher = "Association for Computational Linguistics",
    url = "https://aclanthology.org/2023.acl-long.513",
    doi = "10.18653/v1/2023.acl-long.513",
    pages = "9235--9254",
}

@inproceedings{papineni-etal-2002-bleu,
    title = "{B}leu: a Method for Automatic Evaluation of Machine Translation",
    author = "Papineni, Kishore  and
      Roukos, Salim  and
      Ward, Todd  and
      Zhu, Wei-Jing",
    editor = "Isabelle, Pierre  and
      Charniak, Eugene  and
      Lin, Dekang",
    booktitle = "Proceedings of the 40th Annual Meeting of the Association for Computational Linguistics",
    month = jul,
    year = "2002",
    address = "Philadelphia, Pennsylvania, USA",
    publisher = "Association for Computational Linguistics",
    url = "https://aclanthology.org/P02-1040",
    doi = "10.3115/1073083.1073135",
    pages = "311--318",
}

@inproceedings{zellers-etal-2018-swag,
    title = "{SWAG}: A Large-Scale Adversarial Dataset for Grounded Commonsense Inference",
    author = "Zellers, Rowan  and
      Bisk, Yonatan  and
      Schwartz, Roy  and
      Choi, Yejin",
    editor = "Riloff, Ellen  and
      Chiang, David  and
      Hockenmaier, Julia  and
      Tsujii, Jun{'}ichi",
    booktitle = "Proceedings of the 2018 Conference on Empirical Methods in Natural Language Processing",
    month = oct # "-" # nov,
    year = "2018",
    address = "Brussels, Belgium",
    publisher = "Association for Computational Linguistics",
    url = "https://aclanthology.org/D18-1009",
    doi = "10.18653/v1/D18-1009",
    pages = "93--104",
}